<?xml version="1.0" encoding="UTF-8"?><collection xmlns="http://www.loc.gov/MARC21/slim"><record><leader>00404nam--2200145-i-4500</leader><controlfield tag="001">000040233</controlfield><controlfield tag="002">20161230</controlfield><controlfield tag="005">20170121233014</controlfield><controlfield tag="008">060222s1000------------r-----000-0-eng-d</controlfield><datafield ind1=" " ind2=" " tag="080"><subfield code="a">550.34(73)</subfield></datafield><datafield ind1=" " ind2=" " tag="245"><subfield code="a">San Fernando, California, earthquake of February 9, 1971</subfield></datafield><datafield ind1=" " ind2=" " tag="260"><subfield code="a">Washington</subfield><subfield code="b">U.S.Department Of Comerce</subfield><subfield code="c">1973</subfield></datafield><datafield ind1=" " ind2=" " tag="300"><subfield code="a">VIII+325 p.+ 1h(2)</subfield></datafield><datafield ind1=" " ind2=" " tag="852"><subfield code="a">48052</subfield></datafield><datafield ind1=" " ind2=" " tag="CAT"><subfield code="a">SYS</subfield><subfield code="c">20170121</subfield><subfield code="h">233014</subfield></datafield></record></collection>